@article{mrx05, 
auTHor = "Mr. X", 
Title = {Something Great}, 
publisher = "nob" # "ody", 
YEAR = 2005, 
} 

@misc{prueba2,
       author = "Oren Patashnik",
       title = "BIBTEXing",
       year = "1988",
}
       
      
@misc{figura1,
	title = "\url{http://upload.wikimedia.org/wikipedia/commons/f/f5/Rack001.jpg}",
	year = "consultado el 17 de Septiembre de 2014",
}

@misc{otroenlace,
	title = "http://upload.wikimedia.org/wikipedia/commons/f/f5/Rack001.jpg",
	year = "consultado el 17 de Septiembre de 2014",
}